@article{dang2020sentiment,
  title={Sentiment analysis based on deep learning: A comparative study},
  author={Dang, Nhan Cach and Moreno-Garc{\'\i}a, Mar{\'\i}a N and De la Prieta, Fernando},
  journal={Electronics},
  volume={9},
  number={3},
  pages={483},
  year={2020},
  publisher={MDPI}
}
@article{pang2002thumbs,
  title={Thumbs up? Sentiment classification using machine learning techniques},
  author={Pang, Bo and Lee, Lillian and Vaithyanathan, Shivakumar},
  journal={arXiv preprint cs/0205070},
  year={2002}
}

@article{wang2014sentiment,
  title={Sentiment classification: The contribution of ensemble learning},
  author={Wang, Gang and Sun, Jianshan and Ma, Jian and Xu, Kaiquan and Gu, Jibao},
  journal={Decision support systems},
  volume={57},
  pages={77--93},
  year={2014},
  publisher={Elsevier}
}
@inproceedings{tang2014learning,
  title={Learning sentiment-specific word embedding for twitter sentiment classification},
  author={Tang, Duyu and Wei, Furu and Yang, Nan and Zhou, Ming and Liu, Ting and Qin, Bing},
  booktitle={Proceedings of the 52nd Annual Meeting of the Association for Computational Linguistics (Volume 1: Long Papers)},
  pages={1555--1565},
  year={2014}
}